<record><leader>00000cas a22000007a 4500</leader><controlfield tag="001">8807231</controlfield><controlfield tag="008">820925u1871uuuudcuuu ne      0   a0eng  </controlfield><controlfield tag="009">466</controlfield><datafield ind1=" " ind2=" " tag="010"><subfield code="a">sn 82014411 </subfield></datafield><datafield ind1=" " ind2=" " tag="040"><subfield code="a">DLC</subfield><subfield code="b">eng</subfield><subfield code="c">DLC</subfield></datafield><datafield ind1="1" ind2=" " tag="029"><subfield code="a">AU@</subfield><subfield code="b">000025817315</subfield></datafield><datafield ind1=" " ind2=" " tag="042"><subfield code="a">msc</subfield></datafield><datafield ind1="0" ind2="0" tag="050"><subfield code="a">Newspaper 7285-X</subfield></datafield><datafield ind1="0" ind2="4" tag="245"><subfield code="a">The Public voice.</subfield></datafield><datafield ind1=" " ind2=" " tag="260"><subfield code="a">Washington [D.C.] :</subfield><subfield code="b">Democratic News Co.,</subfield><subfield code="c">1871-</subfield></datafield><datafield ind1=" " ind2=" " tag="300"><subfield code="a">v. ;</subfield><subfield code="c">41 cm.</subfield></datafield><datafield ind1="0" ind2=" " tag="362"><subfield code="a">Vol. 1, no. 1 (Apr. 10, 1871)-</subfield></datafield><datafield ind1=" " ind2=" " tag="752"><subfield code="a">United States</subfield><subfield code="b">District of Columbia</subfield><subfield code="d">Washington.</subfield></datafield></record>